@article{Ruiz:2021tdt,
    author = "Ruiz, Richard and Costantini, Antonio and Maltoni, Fabio and Mattelaer, Olivier",
    title = "{The Effective Vector Boson Approximation in high-energy muon collisions}",
    eprint = "2111.02442",
    archivePrefix = "arXiv",
    primaryClass = "hep-ph",
    reportNumber = "CP3-21-59, IFJPAN-IV-2021-17, MCNET-21-13, VBSCAN-PUB-07-21",
    doi = "10.1007/JHEP06(2022)114",
    journal = "JHEP",
    volume = "06",
    pages = "114",
    year = "2022"
}



@article{Garosi:2023bvq,
    author = "Garosi, Francesco and Marzocca, David and Trifinopoulos, Sokratis",
    title = "{LePDF: Standard Model PDFs for high-energy lepton colliders}",
    eprint = "2303.16964",
    archivePrefix = "arXiv",
    primaryClass = "hep-ph",
    doi = "10.1007/JHEP09(2023)107",
    journal = "JHEP",
    volume = "09",
    pages = "107",
    year = "2023"
}
